<record><leader>00000cas a2200000 a 4500</leader><controlfield tag="001">61106666</controlfield><controlfield tag="007">hd afb022bacp</controlfield><controlfield tag="007">hd bfb022babp</controlfield><controlfield tag="008">050719d191u1937lauwr nea     0    0eng c</controlfield><datafield ind1=" " ind2=" " tag="010"><subfield code="a">  2005252551</subfield></datafield><datafield ind1=" " ind2=" " tag="040"><subfield code="a">WAU</subfield><subfield code="b">eng</subfield><subfield code="c">WAU</subfield><subfield code="d">OCLCA</subfield><subfield code="d">OCLCQ</subfield><subfield code="d">OCLCF</subfield><subfield code="d">OCLCA</subfield><subfield code="d">OCLCQ</subfield></datafield><datafield ind1=" " ind2=" " tag="042"><subfield code="a">pcc</subfield></datafield><datafield ind1=" " ind2=" " tag="043"><subfield code="a">n-us-ca</subfield><subfield code="a">n-us-la</subfield></datafield><datafield ind1="0" ind2="4" tag="245"><subfield code="a">The Llano colonist.</subfield></datafield><datafield ind1=" " ind2=" " tag="260"><subfield code="a">Llano, Calif. :</subfield><subfield code="b">Job Harriman,</subfield><subfield code="c">-1937.</subfield></datafield><datafield ind1=" " ind2=" " tag="300"><subfield code="a">volumes :</subfield><subfield code="b">illustrations</subfield></datafield><datafield ind1=" " ind2=" " tag="310"><subfield code="a">Weekly</subfield></datafield><datafield ind1=" " ind2=" " tag="336"><subfield code="a">text</subfield><subfield code="b">txt</subfield><subfield code="2">rdacontent</subfield></datafield><datafield ind1=" " ind2=" " tag="337"><subfield code="a">microform</subfield><subfield code="b">h</subfield><subfield code="2">rdamedia</subfield></datafield><datafield ind1=" " ind2=" " tag="338"><subfield code="a">microfilm reel</subfield><subfield code="b">hd</subfield><subfield code="2">rdacarrier</subfield></datafield><datafield ind1="0" ind2=" " tag="362"><subfield code="a">; vol. 1, no. 1 (Apr. 30, 1921)-v. 18, no. 1730/1734 (Dec. 9, 1937).</subfield></datafield><datafield ind1=" " ind2=" " tag="500"><subfield code="a">Published: LLano Colony, Leesville, La. : LLano Publications, Apr. 30, 1921-&lt;Mar. 17, 1923&gt;; in Newllano, &lt;Aug. 2, 1924&gt;-Dec. 9, 1937.</subfield></datafield><datafield ind1=" " ind2=" " tag="588"><subfield code="a">Description based on: Vol. 1, no. 49 (Aug. 18, 1917).</subfield></datafield><datafield ind1=" " ind2=" " tag="533"><subfield code="a">Microfilm.</subfield><subfield code="b">Seattle :</subfield><subfield code="c">[Filmed for the University of Washington Libraries],</subfield><subfield code="d">1986.</subfield><subfield code="e">microfilm reels ; 35 mm.</subfield><subfield code="n">Missing issues.</subfield></datafield><datafield ind1="2" ind2="0" tag="610"><subfield code="a">Llano Colony (Secular community)</subfield><subfield code="v">Newspapers.</subfield></datafield><datafield ind1=" " ind2="0" tag="650"><subfield code="a">Collective settlements</subfield><subfield code="z">California</subfield><subfield code="v">Newspapers.</subfield></datafield><datafield ind1=" " ind2="0" tag="650"><subfield code="a">Collective settlements</subfield><subfield code="z">Louisiana</subfield><subfield code="v">Newspapers.</subfield></datafield><datafield ind1=" " ind2="0" tag="650"><subfield code="a">Cooperative societies</subfield><subfield code="z">California</subfield><subfield code="v">Newspapers.</subfield></datafield><datafield ind1=" " ind2="0" tag="650"><subfield code="a">Cooperative societies</subfield><subfield code="z">Louisiana</subfield><subfield code="v">Newspapers.</subfield></datafield><datafield ind1=" " ind2="0" tag="651"><subfield code="a">Llano (Calif.)</subfield><subfield code="v">Newspapers.</subfield></datafield><datafield ind1=" " ind2="0" tag="651"><subfield code="a">Leesville (La.)</subfield><subfield code="v">Newspapers.</subfield></datafield><datafield ind1=" " ind2="0" tag="651"><subfield code="a">New Llano (La.)</subfield><subfield code="v">Newspapers.</subfield></datafield><datafield ind1=" " ind2="0" tag="651"><subfield code="a">Vernon Parish (La.)</subfield><subfield code="v">Newspapers.</subfield></datafield><datafield ind1="2" ind2="7" tag="610"><subfield code="a">Llano Colony (Secular community)</subfield><subfield code="2">fast</subfield><subfield code="0">(OCoLC)fst00583943</subfield></datafield><datafield ind1=" " ind2="7" tag="650"><subfield code="a">Collective settlements.</subfield><subfield code="2">fast</subfield><subfield code="0">(OCoLC)fst00867585</subfield></datafield><datafield ind1=" " ind2="7" tag="650"><subfield code="a">Cooperative societies.</subfield><subfield code="2">fast</subfield><subfield code="0">(OCoLC)fst00878181</subfield></datafield><datafield ind1=" " ind2="7" tag="651"><subfield code="a">California.</subfield><subfield code="2">fast</subfield><subfield code="0">(OCoLC)fst01204928</subfield></datafield><datafield ind1=" " ind2="7" tag="651"><subfield code="a">California</subfield><subfield code="z">Llano.</subfield><subfield code="2">fast</subfield><subfield code="0">(OCoLC)fst01308354</subfield></datafield><datafield ind1=" " ind2="7" tag="651"><subfield code="a">Louisiana.</subfield><subfield code="2">fast</subfield><subfield code="0">(OCoLC)fst01207035</subfield></datafield><datafield ind1=" " ind2="7" tag="651"><subfield code="a">Louisiana</subfield><subfield code="z">Leesville.</subfield><subfield code="2">fast</subfield><subfield code="0">(OCoLC)fst01217774</subfield></datafield><datafield ind1=" " ind2="7" tag="651"><subfield code="a">Louisiana</subfield><subfield code="z">New Llano.</subfield><subfield code="2">fast</subfield><subfield code="0">(OCoLC)fst01231942</subfield></datafield><datafield ind1=" " ind2="7" tag="651"><subfield code="a">Louisiana</subfield><subfield code="z">Vernon Parish.</subfield><subfield code="2">fast</subfield><subfield code="0">(OCoLC)fst01217775</subfield></datafield><datafield ind1=" " ind2="7" tag="655"><subfield code="a">Newspapers.</subfield><subfield code="2">fast</subfield><subfield code="0">(OCoLC)fst01423814</subfield></datafield><datafield ind1=" " ind2=" " tag="752"><subfield code="a">United States</subfield><subfield code="b">California</subfield><subfield code="c">Los Angeles</subfield><subfield code="d">Llano.</subfield></datafield><datafield ind1=" " ind2=" " tag="752"><subfield code="a">United States</subfield><subfield code="b">Louisiana</subfield><subfield code="c">Vernon</subfield><subfield code="d">New Llano.</subfield></datafield><datafield ind1=" " ind2=" " tag="752"><subfield code="a">United States</subfield><subfield code="b">Louisiana</subfield><subfield code="c">Vernon</subfield><subfield code="d">Leesville.</subfield></datafield><datafield ind1="1" ind2=" " tag="029"><subfield code="a">AU@</subfield><subfield code="b">000027871061</subfield></datafield></record>